@misc{abraham1985,
    author = {Abraham, R.H. and Shaw, C.D.},
    date = {1985},
    title = {Dynamics: The Geometry of Behavior},
    volume = {2},
    publisher = {Ariel Press},
    note = {aCAS},
    language = {en}
}
@article{ackley1985,
    author = {Ackley, D.H. and Hinton, G.E. and Sejnowski, T.J.},
    date = {1985},
    title = {A learning algorithm for Boltzmann machines},
    volume = {9},
    pages = {147–169},
    note = {RR},
    language = {en},
    journal = {Cognitive Science}
}
@article{anderson1977,
    author = {Anderson, J.A. and Silverstein, J.W. and Ritz, S.A. and Jones, R.S.},
    date = {1977},
    title = {Distinctive features, categorical perception, and probability learning: Some applications of a neural model},
    volume = {84},
    pages = {413–451},
    note = {aCAS},
    language = {en},
    journal = {Psychological Review}
}
@misc{arbib1972,
    author = {Arbib, M.A.},
    date = {1972},
    title = {The Metaphorical Brain},
    publisher = {Wiley-Interscience},
    note = {DHP},
    language = {en}
}
@misc{ashby1952,
    author = {Ashby, W.R.},
    date = {1952},
    title = {Design for a Brain},
    publisher = {Chapman & Hall},
    note = {aCAS, DHP},
    language = {en}
}
@article{auslander1978,
    author = {Auslander, D. and Guckenheimer, J. and Oster, G.},
    date = {1978},
    title = {Random evolutionarily stable strategies},
    volume = {13},
    pages = {270–293},
    note = {AG},
    language = {pt},
    journal = {Theoretical Population Biology}
}
@inproceedings{babloyantz1986,
    author = {Babloyantz, A. and Destexhe, A.},
    date = {1986},
    title = {Low-dimensional chaos in an instance of epilepsy},
    volume = {83},
    pages = {3513–3517},
    note = {aCAS, AB},
    language = {en},
    booktitle = {Proceedings of the National Academy of Sciences of the United States of America}
}
@incollection{babloyantz,
    author = {Babloyantz, A.},
    date = {In press},
    title = {Strange attractors in the human cortex},
    editor = {Rensing, L. and Heiden, U. and Mackey, M.C.},
    publisher = {Springer},
    note = {AB},
    language = {en},
    booktitle = {Temporal Disorder in Human Oscillatory Systems}
}
@article{babloyantz1981,
    author = {Babloyantz, A. and Salazar, M.},
    date = {1981},
    title = {Self-organization in biological systems with multiple cellular contacts},
    volume = {41},
    pages = {193–201},
    note = {aCAS},
    language = {en},
    journal = {Bulletin of Mathematical Biology}
}
@article{babloyantz1985,
    author = {Babloyantz, A. and Nicolis, C. and Salazar, M.},
    date = {1985},
    title = {Evidence of chaotic dynamics of brain activity during the sleep cycle},
    volume = {111A},
    pages = {152},
    note = {AB},
    language = {en},
    journal = {Physics Letters A}
}
@misc{boaird,
    author = {Boaird, B.},
    date = {In press},
    title = {Nonlinear dynamics of pattern formation and pattern recognition in the rabbit olfactory bulb},
    publisher = {Physics D},
    note = {aCAS},
    language = {en}
}
@article{barlow1972,
    author = {Barlow, H.B.},
    date = {1972},
    title = {Single units and sensation: A neuron doctrine for perceptual psychology?},
    volume = {1},
    pages = {371–394},
    note = {aCAS},
    language = {en},
    journal = {Perception}
}
@article{bonard1901,
    author = {Bonard, H.},
    date = {1901},
    title = {Les tourbillons cellulaires dans une nappe liquide},
    volume = {12},
    pages = {1309–1328},
    note = {RT},
    language = {fr},
    journal = {Revue Générale des Sciences Pures et Appliquées}
}
@article{bressler1987,
    author = {Bressler, S.},
    date = {1987},
    title = {Relation of olfactory bulb and cortex I: Spatial variation of multilaminar interdependence},
    volume = {409},
    pages = {285–293},
    note = {aCAS},
    language = {en},
    journal = {Brain Research}
}
@article{bressler1987a,
    author = {Bressler, S.},
    date = {1987},
    title = {Relation of olfactory bulb and cortex II: Model for driving of cortex by bulb},
    volume = {409},
    pages = {294–301},
    note = {aCAS},
    language = {en},
    journal = {Brain Research}
}
@inproceedings{brown1976,
    author = {Brown, T.H. and Perkel, D.H. and Feldman, M.W.},
    date = {1976},
    title = {Evoked neurotransmitter release: Statistical effects of nonuniformity and nonstationarity},
    volume = {73},
    pages = {2913–2917},
    note = {DHP},
    language = {en},
    booktitle = {Proceedings of the National Academy of Sciences of the United States of America}
}
@misc{bullock1965,
    author = {Bullock, T.H. and Horridge, G.A.},
    date = {1965},
    title = {Structure and Function in the Nervous Systems of Invertebrates},
    volume = {1},
    publisher = {W. H. Freeman},
    note = {aCAS},
    language = {en}
}
@misc{burns1958,
    author = {Burns, B.D.},
    date = {1958},
    title = {The Mammalian Cerebral Cortex},
    publisher = {Edward Arnold},
    note = {aCAS},
    language = {en}
}
@misc{cain1980,
    author = {Cain, W.S.},
    date = {1980},
    title = {Chemosensation and cognition},
    editor = {Olfaction, In: and Taste VII, ed. H. van der Starre.},
    publisher = {IRL Press},
    note = {aCAS},
    language = {en}
}
@article{carpenter1987,
    author = {Carpenter, G.A. and Grossberg, S.},
    date = {1987},
    title = {A massively parallel architecture for a self-organizing neural pattern recognition machine},
    volume = {37},
    pages = {54–115},
    note = {SG},
    language = {it},
    journal = {Computer Vision, Graphics, and Image Processing}
}
@article{chatrian1960,
    author = {Chatrian, G.E. and Bickford, R.G. and Uihlein, A.},
    date = {1960},
    title = {Depth electrographic study of a fast rhythm evoked from the human calcarine region by steady illumination},
    volume = {12},
    pages = {167–176},
    note = {aCAS},
    language = {en},
    journal = {Electroencephalography and Clinical Neurophysiology}
}
@article{chay1985,
    author = {Chay, T.R. and Rinzel, J.},
    date = {1985},
    title = {Bursting, beating, and chaos in an excitable membrane model},
    volume = {47},
    pages = {357–366},
    note = {DHP},
    language = {en},
    journal = {Biophysical Journal}
}
@article{churchland1980,
    author = {Churchland, P.S.},
    date = {1980},
    title = {A perspective on mind-brain research},
    volume = {77},
    pages = {185–207},
    note = {IRB},
    language = {en},
    journal = {Journal of Philosophy}
}
@misc{churchland1986,
    author = {Churchland, P.S.},
    date = {1986},
    title = {Neurophilosophy: Toward a Unified Understanding of the Mind-Brain},
    note = {MIT/Bradford. [aCAS},
    language = {en}
}
@article{cohen1983,
    author = {Cohen, M.A. and Grossberg, S.},
    date = {1983},
    title = {Absolute stability of global pattern formation and parallel memory storage by competitive neural networks},
    volume = {13},
    pages = {815–826},
    note = {DSL},
    language = {en},
    journal = {IEEE Transactions on Systems, Man, and Cybernetics}
}
@article{cohen1986,
    author = {Cohen, M.A. and Grossberg, S.},
    date = {1986},
    title = {Neural dynamics of speech and language coding: Developmental programs, perceptual grouping, and competition for short term memory},
    volume = {5},
    pages = {1–22},
    note = {SG},
    language = {en},
    journal = {Human Neurobiology}
}
@incollection{conrad1986,
    author = {Conrad, M.},
    date = {1986},
    title = {What is the use of chaos?},
    editor = {Holden, A. V.},
    publisher = {Manchester University Press},
    note = {aCAS},
    language = {en},
    booktitle = {Chaos}
}
@incollection{cowan1968,
    author = {Cowan, J.D.},
    date = {1968},
    title = {Statistical mechanics of nerve nets},
    editor = {Caianiello, E. R.},
    publisher = {Springer-Verlag},
    note = {DHP},
    language = {nl},
    booktitle = {Neural Networks}
}
@misc{craik1952,
    author = {Craik, K.},
    date = {1952},
    title = {The Nature of Explanation},
    publisher = {Cambridge University Press},
    note = {aCAS},
    language = {en}
}
@article{del1964,
    author = {Del Castillo, J. and Katz, B.},
    date = {1964},
    title = {Quantal components of the end-plate potential},
    volume = {124},
    pages = {560–573},
    note = {DHP},
    language = {it},
    journal = {Journal of Physiology (London}
}
@misc{demott1970,
    author = {DeMott, D.W.},
    date = {1970},
    title = {Toposcopic Studies of Learning},
    publisher = {Charles C. Thomas},
    note = {aCAS, RMB},
    language = {en}
}
@incollection{dretske1986,
    author = {Dretske, F.},
    date = {1986},
    title = {Boston studies in the philosophy of science},
    volume = {90},
    editor = {Mitcham, C. and Reidel, H.Huning},
    note = {GW},
    language = {en},
    booktitle = {Minds, Machines, and Meaning, Philosophy and Technology II}
}
@misc{dreyfus1972,
    author = {Dreyfus, H.L.},
    date = {1972},
    title = {What Computers Can't Do},
    publisher = {Harper & Row},
    note = {RB},
    language = {en}
}
@misc{dreyfus1986,
    author = {Dreyfus, H. and Dreyfus, S.},
    date = {1986},
    title = {Mind Over Machine},
    publisher = {Free Press},
    note = {aCAS},
    language = {en}
}
@article{elias1975,
    author = {Elias, S.A. and Grossberg, S.},
    date = {1975},
    title = {Pattern formation, contrast control, and oscillations in the short-term memory of shunting on-center off-surround networks},
    volume = {20},
    pages = {69–98},
    note = {SG},
    language = {en},
    journal = {Biological Cybernetics}
}
@article{emery1969,
    author = {Emery, J.D. and Freeman, W.J.},
    date = {1969},
    title = {Pattern analysis of cortical evoked potential parameters during attention changes},
    volume = {4},
    pages = {60–77},
    note = {aCAS},
    language = {en},
    journal = {Physiology and Behavior}
}
@article{ermentrout1986,
    author = {Ermentrout, B. and Campbell, J. and Oster, G.},
    date = {1986},
    title = {A model for shell patterns based on neural activity},
    volume = {28},
    pages = {369–388},
    note = {aCAS},
    language = {da},
    journal = {The Veliger},
    number = {4}
}
@article{farmer1982,
    author = {Farmer, D. and Hart, J. and Weidman, P.},
    date = {1982},
    title = {A phase space analysis of baroclinic flow},
    volume = {91A},
    pages = {22–24},
    note = {AC},
    language = {fr},
    journal = {Physics Letters A}
}
@article{feldman1982,
    author = {Feldman, J.A. and Ballard, D.H.},
    date = {1982},
    title = {Connectionist models and their properties},
    volume = {6},
    pages = {205–254},
    note = {aCAS},
    language = {en},
    journal = {Cognitive Science}
}
@misc{feyerabend1978,
    author = {Feyerabend, P.},
    date = {1978},
    title = {Against Method},
    publisher = {Verso},
    note = {CW},
    language = {en}
}
@article{fienberg1974,
    author = {Fienberg, S.E.},
    date = {1974},
    title = {Stochastic models for single neuron firing trains: A survey},
    volume = {30},
    pages = {399–427},
    note = {DHP},
    language = {en},
    journal = {Biometrics}
}
@misc{fodor1983,
    author = {Fodor, J.A.},
    date = {1983},
    title = {The Modularity of Mind: An Essay on Faculty Psychology},
    publisher = {Bradford/MIT Press},
    note = {aCAS},
    language = {en}
}
@article{freeman1972,
    author = {Freeman, W.J.},
    date = {1972},
    title = {Waves, pulses and the theory of neural masses},
    volume = {2},
    pages = {87–165},
    note = {aCAS},
    language = {en},
    journal = {Progress in Theoretical Biology}
}
@misc{freeman1975,
    author = {Freeman, W.J.},
    date = {1975},
    title = {Mass Action in the Nervous System},
    publisher = {Academic Press},
    note = {aCAS},
    language = {en}
}
@article{freeman1978,
    author = {Freeman, W.J.},
    date = {1978},
    title = {Spatial properties of an EEG event in the olfactory bulb and cortex},
    volume = {44},
    pages = {586–605},
    note = {aCAS},
    language = {en},
    journal = {Electroencephalography and Clinical Neurophysiology}
}
@article{freeman1979,
    author = {Freeman, W.J.},
    date = {1979},
    title = {Nonlinear gain mediating cortical stimulus-response relations},
    volume = {33},
    pages = {237–247},
    note = {aCAS},
    language = {en},
    journal = {Biological Cybernetics}
}
@article{freeman1979a,
    author = {Freeman, W.J.},
    date = {1979},
    title = {Nonlinear dynamics of paleocortex manifested in the olfactory EEG},
    volume = {35},
    pages = {21–54},
    note = {aCAS},
    language = {en},
    journal = {Biological Cybernetics}
}
@article{freeman1979b,
    author = {Freeman, W.J.},
    date = {1979},
    title = {EEG analysis gives model of neuronal template-matching mechanism for sensory search with olfactory bulb},
    volume = {35},
    pages = {221–234},
    note = {aCAS},
    language = {cs},
    journal = {Biological Cybernetics}
}
@article{freeman1980,
    author = {Freeman, W.J.},
    date = {1980},
    title = {Use of spatial deconvolution to compensate for distortion of EEG by volume conduction},
    volume = {27},
    pages = {421–429},
    note = {aCAS},
    language = {en},
    journal = {IEEE Transactions on Biomedical Engineering}
}
@article{freeman1981,
    author = {Freeman, W.J.},
    date = {1981},
    title = {A physiological hypothesis of perception},
    volume = {24},
    pages = {561–592},
    note = {aCAS},
    language = {en},
    journal = {Perspectives in Biology and Medicine}
}
@article{freeman1983,
    author = {Freeman, W.J.},
    date = {1983},
    title = {Physiological basis of mental images},
    volume = {18},
    pages = {1107–1125},
    note = {aCAS},
    language = {it},
    journal = {Biological Psychiatry}
}
@incollection{freeman1983a,
    author = {Freeman, W.J.},
    date = {1983},
    title = {Dynamics of image formation by nerve cell assemblies},
    editor = {Basar, E. and Flohr, H. and Mandell, A.},
    publisher = {Springer-Verlag},
    note = {aCAS},
    language = {da},
    booktitle = {Synergetics of the Brain}
}
@article{freeman1986,
    author = {Freeman, W.J.},
    date = {1986},
    title = {Petit mal seizure spikes in olfactory bulb and cortex caused by runaway inhibition after exhaustion of excitation},
    volume = {11},
    pages = {259–284},
    note = {aCAS},
    language = {en},
    journal = {Brain Research Reviews}
}
@article{freeman1987,
    author = {Freeman, W.J.},
    date = {1987},
    title = {Simulation of chaotic EEG patterns with a dynamic model of the olfactory system},
    volume = {56},
    pages = {139–150},
    note = {aCAS},
    language = {en},
    journal = {Biological Cybernetics}
}
@article{freeman1987a,
    author = {Freeman, W.J.},
    date = {1987},
    title = {Simulation of chaotic EEG patterns with a dynamic model of the olfactory system},
    volume = {56},
    pages = {139–150},
    note = {aCAS},
    language = {en},
    journal = {Biological Cybernetics}
}
@article{freeman1987b,
    author = {Freeman, W.J.},
    date = {1987},
    title = {Techniques used in the search for the physiological basis of the EEG},
    volume = {},
    editor = {Gevins, A. and Remond, A.},
    publisher = {Elsevier},
    note = {aCAS},
    language = {fr},
    journal = {Handbook of Electroencephalography and Clinical Neurophysiology},
    number = {18}
}
@inproceedings{freeman1976,
    author = {Freeman, W.J. and Ahn, S.M.},
    date = {1976},
    title = {Spatial and temporal characteristic frequencies of interactive neural masses},
    pages = {1–3, 279–284},
    note = {aCAS},
    language = {en},
    booktitle = {Proceedings, IEEE International Conference on Cybernetics and Society}
}
@misc{freeman,
    author = {Freeman, W.J. and Baird, B.},
    date = {In press},
    title = {Correlation of olfactory EEG with behavior: Spatial analysis},
    note = {Behavioral Neuroscience. [aCAS},
    language = {en}
}
@misc{freeman-a,
    author = {Freeman, W.J. and Grajski, K.},
    title = {A},
    editor = {press)},
    note = {Behavioral Neuroscience. [aCAS},
    language = {en}
}
@article{freeman1982,
    author = {Freeman, W.J. and Schneider, W.S.},
    date = {1982},
    title = {Changes in spatial patterns of rabbit olfactory EEG with conditioning to odors},
    volume = {19},
    pages = {44–56},
    note = {aCAS},
    language = {en},
    journal = {Psychophysiology}
}
@article{freeman1985,
    author = {Freeman, W.J. and Skarda, C.A.},
    date = {1985},
    title = {Spatial EEG patterns, nonlinear dynamics and perception: The neo-Sherringtonian view},
    volume = {10},
    pages = {147–175},
    note = {aCAS},
    language = {en},
    journal = {Brain Research Reviews}
}
@misc{freeman-b,
    author = {Freeman, W.J. and Dijk, B.},
    title = {Submitted). Spatial patterns of visual cortical fast EEG during conditioned reflex in a rhesus monkey},
    note = {aCAS},
    language = {en}
}
@incollection{freeman1986a,
    author = {Freeman, W.J. and Viana Di Prisco, G.},
    date = {1986},
    title = {EEG spatial pattern differences with discriminated odors manifest chaotic and limit cycle attractors in olfactory bulb of rabbits},
    editor = {Palm, G.},
    publisher = {Springer-Verlag},
    note = {aCAS},
    language = {en},
    booktitle = {Brain Theory}
}
@article{freeman1986b,
    author = {Freeman, W.J. and Viana Di Prisco, G.},
    date = {1986},
    title = {Correlation of olfactory EEG with behavior: Time series analysis},
    volume = {100},
    pages = {753–763},
    note = {aCAS},
    language = {en},
    journal = {Behavioral Neuroscience}
}
@article{froehling1981,
    author = {Froehling, H. and Crutchfield, J. and Farmer, D. and Packard, N. and Shaw, R.},
    date = {1981},
    title = {On determining the dimension of chaotic flows},
    volume = {3D},
    pages = {605–617},
    note = {AG},
    language = {en},
    journal = {Physica D}
}
@article{garfinkel1983,
    author = {Garfinkel, A.},
    date = {1983},
    title = {A mathematics for physiology},
    volume = {245},
    pages = {406– 466},
    note = {aCAS},
    language = {en},
    journal = {American Journal of Physiology}
}
@misc{gauld1977,
    author = {Gauld, A. and Shotter, J.},
    date = {1977},
    title = {Human Action and Its Psychological Investigation},
    publisher = {Routledge & Kegan Paul},
    note = {HB},
    language = {en}
}
@article{gerstein1964,
    author = {Gerstein, G.L. and Mandelbrot, B.},
    date = {1964},
    title = {Random walk models for the spike activity of a single neuron},
    volume = {4},
    pages = {41–68},
    note = {DHP},
    language = {en},
    journal = {Biophysical Journal}
}
@misc{gibson1979,
    author = {Gibson, J.J.},
    date = {1979},
    title = {The Ecological Approach to Visual Perception},
    publisher = {Houghton Mifflin},
    note = {aCAS},
    language = {en}
}
@article{glass1979,
    author = {Glass, L. and Mackey, M.},
    date = {1979},
    title = {Pathological conditions resulting from instabilities in physiological control systems},
    volume = {316},
    pages = {214–235},
    note = {AG},
    language = {en},
    journal = {Annals of the New York Academy of Sciences}
}
@article{gonzalez-estrada1980,
    author = {Gonzalez-Estrada, M.T. and Freeman, W.J.},
    date = {1980},
    title = {Effects of carnosine on olfactory bulb EEG, evoked potential, and DC potentials},
    volume = {202},
    pages = {373–386},
    note = {aCAS},
    language = {en},
    journal = {Brain Research}
}
@misc{goodman1968,
    author = {Goodman, N.},
    date = {1968},
    title = {Languages of Art: An Approach to a Theory of Symbols},
    publisher = {Bobbs-Merrill},
    note = {JAB},
    language = {de}
}
@incollection{grajski,
    author = {Grajski, K. and Breiman, L. and Prisco, G. and Freeman, W.J.},
    date = {In press},
    title = {Classification of EEG spatial patterns with a tree-structured methodology},
    note = {aCAS},
    language = {en},
    booktitle = {CART [Classification and Regression Trees]. IEEE Transactions in Biomedical Engineering}
}
@article{grassberger1986,
    author = {Grassberger, P.},
    date = {1986},
    title = {Do climatic attractors exist?},
    volume = {323},
    pages = {609–612},
    note = {AG},
    language = {en},
    journal = {Nature}
}
@article{grassberger1983,
    author = {Grassberger, P. and Procaccia, I.},
    date = {1983},
    title = {Measuring the strangeness of strange attractors},
    volume = {9D},
    pages = {189–208},
    note = {aCAS},
    language = {en},
    journal = {Physica D}
}
@thesis{gray1986,
    author = {Gray, C.M.},
    date = {1986},
    title = {Centrifugal regulation of olfactory coding and response plasticity in the olfactory bulb of the conscious rabbit},
    note = {aCAS},
    language = {en},
    school = {Baylor University},
    type = {Ph.D. thesis,}
}
@article{gray1986a,
    author = {Gray, C.M. and Freeman, W.J. and Skinner, J.E.},
    date = {1986},
    title = {Chemical dependencies of learning in the rabbit olfactory bulb: Acquisition of the transient spatial-pattern change depends on norepinephrine},
    volume = {100},
    pages = {96},
    note = {aCAS},
    language = {en},
    journal = {Behavioral Neuroscience}
}
@article{grossberg1975,
    author = {Grossberg, S.},
    date = {1975},
    title = {A neural model of attention, reinforcement, and discrimination learning},
    volume = {18},
    pages = {263–327},
    note = {DSL},
    language = {en},
    journal = {International Review of Neurobiology}
}
@article{grossberg1976,
    author = {Grossberg, S.},
    date = {1976},
    title = {Adaptive pattern classification and universal recoding: II. Feedback, expectation, olfaction, and illusions},
    volume = {23},
    pages = {187–202},
    note = {aCAS},
    language = {en},
    journal = {Biological Cybernetics}
}
@article{grossberg1980,
    author = {Grossberg, S.},
    date = {1980},
    title = {How does the brain build a cognitive code?},
    volume = {87},
    pages = {1–51},
    note = {aCAS, DSL},
    language = {en},
    journal = {Psychological Review}
}
@incollection{grossberg1981,
    author = {Grossberg, S.},
    date = {1981},
    title = {Adaptive resonance in development, perception, and cognition},
    editor = {Grossberg, S.},
    publisher = {American Mathematical Society},
    note = {aCAS, SC},
    language = {en},
    booktitle = {Mathematical Psychology and Psychophysiology}
}
@misc{grossberg1982,
    author = {Grossberg, S.},
    date = {1982},
    title = {Studies of Mind and Brain: Neural Principles of Learning, Perception, Development, Cognition, and Motor Control},
    publisher = {Reidel},
    note = {SG},
    language = {en}
}
@article{grossberg1982a,
    author = {Grossberg, S.},
    date = {1982},
    title = {Processing of expected and unexpected events during conditioning and attention: A psychophysiological theory},
    volume = {89},
    pages = {529–572},
    note = {DSL},
    language = {en},
    journal = {Psychological Review}
}
@incollection{grossberg1983,
    author = {Grossberg, S.},
    date = {1983},
    title = {Neural substrates of binocular form perception: Filtering, matching, diffusion, and resonance},
    editor = {Basar, E. and Flohr, H. and Haken, H. and Mandell, A.J.},
    publisher = {Springer-Verlag},
    note = {SG},
    language = {en},
    booktitle = {Synergetics of the Brain}
}
@misc{grossberg1987,
    author = {Grossberg, S.},
    date = {1987},
    title = {The Adaptive Brain I: Cognition, Learning, Reinforcement, and Rhythm},
    publisher = {Elsevier/North-Holland},
    note = {SC},
    language = {en}
}
@misc{grossberg1987a,
    author = {Grossberg, S.},
    date = {1987},
    title = {The Adaptive Brain II: Vision, Speech, Language, and Motor Control},
    publisher = {Elsevier/North-Holland},
    note = {SG},
    language = {en}
}
@book{grossberg,
    author = {Grossberg, S. and Levine, D.S.},
    title = {Neural dynamics of attentionally modulated Pavlovian conditioning: Blocking, interstimulus interval, and secondary reinforcement},
    publisher = {DSL},
    language = {en}
}
@article{grossberg1986,
    author = {Grossberg, S. and Stone, G.O.},
    date = {1986},
    title = {Neural dynamics of word recognition and recall: Attentional priming, learning, and resonance},
    volume = {93},
    pages = {46–74},
    note = {SC},
    language = {en},
    journal = {Psychological Review}
}
@misc{guckenheimer1983,
    author = {Guckenheimer, J. and Holmes, P.},
    date = {1983},
    title = {Dynamical Systems and Bifurcations of Vector Fields},
    publisher = {Springer},
    note = {RT},
    language = {en}
}
@misc{hebb1949,
    author = {Hebb, D.O.},
    date = {1949},
    title = {The Organization of Behavior},
    publisher = {Wiley},
    note = {aCAS},
    language = {et}
}
@article{hinton1985,
    author = {Hinton, G.E.},
    date = {1985},
    title = {Learning in parallel networks},
    volume = {10},
    pages = {265},
    note = {aCAS},
    language = {sv},
    journal = {Byte}
}
@misc{hinton1981,
    author = {Hinton, G.E. and Anderson, J.A.},
    date = {1981},
    title = {Parallel Models of Associative Memory},
    publisher = {Erlbaum},
    note = {aCAS},
    language = {es}
}
@misc{holden1986,
    editor = {Holden, A.V.},
    date = {1986},
    title = {Chaos},
    publisher = {Manchester University Press},
    note = {aCAS},
    language = {en}
}
@inproceedings{hopfield1982,
    author = {Hopfield, J.J.},
    date = {1982},
    title = {Neural networks and physical systems with emergent collective computational abilities},
    note = {aCAS, RR},
    language = {en},
    booktitle = {Proceedings of the National Academy of Sciences of the United States of America}
}
@article{hopfield1986,
    author = {Hopfield, J.J. and Tank, D.W.},
    date = {1986},
    title = {Computing with neural circuits: A model},
    volume = {233},
    pages = {625–633},
    note = {aCAS, DSL, DHP},
    language = {en},
    journal = {Science}
}
@article{julesz1984,
    author = {Julesz, B.},
    date = {1984},
    title = {A brief outline of the texton theory of human vision},
    volume = {7},
    pages = {41–45},
    note = {aCAS},
    language = {en},
    journal = {Trends in Neuroscience}
}
@article{kaczmarek1977,
    author = {Kaczmarek, L.K. and Babloyantz, A.},
    date = {1977},
    title = {Spatiotemporal patterns in epileptic seizures},
    volume = {26},
    pages = {199},
    note = {AB},
    language = {it},
    journal = {Biological Cybernetics}
}
@misc{kohonen1984,
    author = {Kohonen, T.},
    date = {1984},
    title = {Self-Organization and Associative Memory},
    publisher = {Springer-Verlag},
    note = {aCAS, JAB},
    language = {et}
}
@inproceedings{lancet1982,
    author = {Lancet, D. and Greer, C.A. and Kauer, J.S. and Shepherd, G.M.},
    date = {1982},
    title = {Mapping of odor-related neuronal activity in the olfactory bulb by high-resolution 2-deoxyglucose autoradiography},
    volume = {79},
    pages = {670–674},
    note = {aCAS},
    language = {en},
    booktitle = {Proceedings of the National Academy of Sciences of the United States of America}
}
@incollection{lashley1942,
    author = {Lashley, K.S.},
    date = {1942},
    title = {The problem of cerebral organization in vision},
    editor = {J, J. Cattell.},
    publisher = {Cattell Press},
    note = {aCAS},
    language = {en},
    booktitle = {Biological Symposia VII}
}
@incollection{layne1986,
    author = {Layne, S.P. and Mayer-Kress, G. and Holzfuss, J.},
    date = {1986},
    title = {Problems associated with dimensional analysis of EEG data},
    editor = {Mayer-Kress, G.},
    publisher = {Springer},
    note = {AB},
    language = {en},
    booktitle = {Dimensions and Entropies in Chaotic Systems}
}
@incollection{levine1986,
    author = {Levine, D.S.},
    date = {1986},
    title = {A neural network model of temporal order effects in classical conditioning},
    editor = {Eisenfeld, J. and Witten, M.},
    publisher = {Elsevier},
    note = {DSL},
    language = {en},
    booktitle = {Modeling of Biomedical Systems}
}
@article{lilly1951,
    author = {Lilly, J.C. and Cherry, R.B.},
    date = {1951},
    title = {Traveling waves of action and of recovery during responses and spontaneous activity in the cerebral cortex},
    volume = {167},
    pages = {806},
    note = {RMB},
    language = {en},
    journal = {American Journal of Physiology}
}
@article{lilly1954,
    author = {Lilly, J.C. and Cherry, R.B.},
    date = {1954},
    title = {Surface movements of click responses from acoustical cerebral cortex of cat: Leading and trailing edges of a response figure},
    volume = {17},
    pages = {521–532},
    note = {RMB},
    language = {fr},
    journal = {Journal of Neurophysiology}
}
@article{lilly1955,
    author = {Lilly, J.C. and Cherry, R.B.},
    date = {1955},
    title = {Surface movements of figures in spontaneous activity of anesthetized cortex: Leading and trailing edges},
    volume = {18},
    pages = {18–},
    language = {fr},
    journal = {Journal of Neurophysiology}
}
@misc{livanov1977,
    author = {Livanov, M.N.},
    date = {1977},
    title = {Spatial Organization of Cerebral Processes},
    publisher = {Wiley},
    note = {aCAS},
    language = {fr}
}
@article{n1934,
    author = {Nó, R.},
    date = {1934},
    title = {Studies in the structure of the cerebral cortex. I: The area entorhinalis},
    volume = {45},
    pages = {381–438},
    note = {aCAS y},
    language = {en},
    journal = {Journal für Psychologie und Neurologie}
}
@article{lorenz1963,
    author = {Lorenz, E.},
    date = {1963},
    title = {Deterministic nonperiodic flow},
    volume = {20},
    pages = {130–141},
    note = {AG},
    language = {es},
    journal = {Journal of Atmospheric Sciences}
}
@techreport{mandell1986,
    author = {Mandell, A.J.},
    date = {1986},
    title = {Complexity versus disorder in the cardiac monitoring problem: A four-minute warning},
    note = {DHP},
    language = {en},
    institution = {Mathematics Institute, University of Warwick},
    type = {Technical report,},
    address = {Coventry, England}
}
@misc{marr1982,
    author = {Marr, D.},
    date = {1982},
    title = {Vision},
    publisher = {Freeman},
    note = {DCE},
    language = {en}
}
@article{marr1976,
    author = {Marr, D. and Poggio, T.},
    date = {1976},
    title = {Cooperative computation of stereo disparity},
    volume = {194},
    pages = {283–287},
    note = {DCE},
    language = {en},
    journal = {Science}
}
@article{martinez1984,
    author = {Martinez, D.M. and Freeman, W.J.},
    date = {1984},
    title = {Periglomerular cell action on mitral cell in olfactory bulb shown by current source density analysis},
    volume = {308},
    pages = {223–233},
    note = {aCAS},
    language = {en},
    journal = {Brain Research}
}
@incollection{maturana1980,
    author = {Maturana, H.R. and Varela, F.J.},
    date = {1980},
    title = {Boston studies in the philosophy of science},
    volume = {42},
    editor = {Cohen, R. S. and Reidel, M.W.Wartofsky},
    note = {CW},
    language = {en},
    booktitle = {Autopoiesis and Cognition}
}
@article{may1976,
    author = {May, R.M.},
    date = {1976},
    title = {Simple mathematical models with very complicated dynamics},
    volume = {261},
    pages = {459–467},
    note = {DHP},
    language = {en},
    journal = {Nature}
}
@article{mcclelland1981,
    author = {McClelland, J.L. and Rumelhart, D.E.},
    date = {1981},
    title = {An interactive activation model of context effects in letter perception: Part I},
    volume = {88},
    pages = {375–407},
    note = {JAB},
    language = {en},
    journal = {Psychological Review}
}
@article{mcculloch1943,
    author = {McCulloch, W.S. and Pitts, W.H.},
    date = {1943},
    title = {A logical calculus of the ideas immanent in nervous activity},
    volume = {5},
    pages = {115–},
    language = {cs},
    journal = {Bulletin of Mathematical Biophysics}
}
@article{misgeld1986,
    author = {Misgeld, U. and Deisz, R. and Dodt, H. and Lux, H.},
    date = {1986},
    title = {The role of chloride transport in postsynaptic inhibition of hippocampal neurons},
    volume = {232},
    pages = {1413–1415},
    note = {aCAS},
    language = {en},
    journal = {Science}
}
@article{moore1966,
    author = {Moore, G.P. and Perkel, D.H. and Segundo, J.P.},
    date = {1966},
    title = {Statistical analysis and functional interpretation of neuronal spike data},
    volume = {28},
    pages = {493–522},
    note = {DHP},
    language = {en},
    journal = {Annual Review of Physiology}
}
@article{moulton1976,
    author = {Moulton, D.G.},
    date = {1976},
    title = {Spatial patterning of response to odor in the peripheral olfactory system},
    volume = {56},
    pages = {578–593},
    note = {aCAS},
    language = {en},
    journal = {Physiological Reviews}
}
@article{mpitsos1986,
    author = {Mpitsos, G.J. and Cohan, C.S.},
    date = {1986},
    title = {Convergence in a distributed nervous system: Parallel processing and self-organization},
    volume = {17},
    pages = {517–545},
    note = {DHP},
    language = {fr},
    journal = {Journal of Neurobiology}
}
@article{newberry1985,
    author = {Newberry, N.R. and Nicoll, R.A.},
    date = {1985},
    title = {Comparison of the action of baclofen with γ-aminobutyric acid on rat hippocampal pyramidal cells in vitro},
    volume = {360},
    pages = {161–185},
    note = {aCAS},
    language = {en},
    journal = {Journal of Physiology}
}
@misc{nicolis1984,
    author = {Nicolis, J.S.},
    date = {1984},
    title = {Hierarchical systems},
    publisher = {Symposium},
    note = {AB},
    language = {pt}
}
@article{nicolis1984a,
    author = {Nicolis, J.S.},
    date = {1984},
    title = {Chaotic dynamics of information processing: North relevance in cognitive brain functions},
    volume = {14},
    pages = {167–173},
    note = {aCAS},
    language = {en},
    journal = {Kybernetes}
}
@article{nicolis1983,
    author = {Nicolis, J.S. and Tsuda, I.},
    date = {1983},
    title = {Chaotic dynamics of information processing: The “magic number seven plus-minus two” revisited},
    volume = {47},
    pages = {343–365},
    note = {aCAS},
    language = {en},
    journal = {Bulletin of Mathematical Biology}
}
@article{oono1983,
    author = {Oono, Y. and Kohmoto, M.},
    date = {1983},
    title = {Discrete model of chemical turbulence},
    volume = {55},
    pages = {2927–2931},
    note = {MAC},
    language = {ro},
    journal = {Physical Review Letters}
}
@article{pellionisz1979,
    author = {Pellionisz, A. and Llinas, R.},
    date = {1979},
    title = {Brain modeling by tensor network theory and computer simulation. The cerebellum: Distributed processor for predictive coordination},
    volume = {4},
    pages = {323–348},
    note = {DHP},
    language = {en},
    journal = {Neuroscience}
}
@article{perkel1968,
    author = {Perkel, D.H. and Bullock, T.H.},
    date = {1968},
    title = {Neural coding},
    volume = {6},
    pages = {221–348},
    note = {aCAS},
    language = {es},
    journal = {Neurosciences Research Program Bulletin}
}
@article{perkel1967,
    author = {Perkel, D.H. and Gerstein, G.L. and Moore, G.P.},
    date = {1967},
    title = {Neuronal spike trains and stochastic point processes. I. The single spike train},
    volume = {7},
    pages = {391–418},
    note = {DHP},
    language = {en},
    journal = {Biophysical Journal}
}
@article{perkel1967a,
    author = {Perkel, D.H. and Gerstein, G.L. and Moore, G.P.},
    date = {1967},
    title = {Neuronal spike trains and stochastic point processes. II. Simultaneous spike trains},
    volume = {7},
    pages = {419–440},
    note = {DHP},
    language = {fr},
    journal = {Biophysical Journal}
}
@misc{pylyshyn1984,
    author = {Pylyshyn, Z.W.},
    date = {1984},
    title = {Computation and Cognition: Toward a Foundation for Cognitive Science},
    publisher = {Bradford Books/MIT Press},
    note = {aCAS},
    language = {en}
}
@article{rapp1985,
    author = {Rapp, P.E. and Zimmerman, I.D. and Albano, A.M. and Deguzman, G.C. and Greenbaun, N.N.},
    date = {1985},
    title = {Dynamics of spontaneous neural activity in the simian motor cortex},
    volume = {110A},
    pages = {335},
    note = {AB},
    language = {en},
    journal = {Physics Letters A}
}
@article{rayleigh1916,
    author = {Rayleigh, Lord},
    date = {1916},
    volume = {32},
    pages = {529–546},
    note = {RT},
    language = {it},
    journal = {Philosophical Magazine}
}
@misc{riemann1902,
    author = {Riemann, B.},
    date = {1902},
    title = {Gesammelte Werke, Nachträge},
    publisher = {Teubner},
    note = {RT},
    language = {de}
}
@incollection{roschke,
    author = {Roschke, J. and Basar, E.},
    date = {In press},
    title = {EEG is not a simple noise: Strange attractors in intracranial structures},
    editor = {Basar, E.},
    publisher = {Springer},
    note = {AB},
    language = {en},
    booktitle = {Dynamics of Sensory and Cognitive Processing by the Brain}
}
@misc{rosenblatt1962,
    author = {Rosenblatt, F.},
    date = {1962},
    title = {Principles of Neurodynamics: Perceptrons and the Theory of Brain Mechanisms},
    publisher = {Spartan},
    note = {aCAS, DHP},
    language = {es}
}
@article{roessler1983,
    author = {Rössler, O.E.},
    date = {1983},
    title = {The chaotic hierarchy},
    volume = {38A},
    pages = {788–802},
    note = {aCAS},
    language = {de},
    journal = {Zeitschrift für Naturforschung}
}
@article{ruelle1971,
    author = {Ruelle, D. and Takens, F.},
    date = {1971},
    title = {On the nature of turbulence},
    volume = {20},
    pages = {167},
    note = {RT},
    language = {fr},
    journal = {Communications in Mathematical Physics}
}
@article{rumelhart1986,
    author = {Rumelhart, D.E. and Hinton, G.E. and Williams, R.J.},
    date = {1986},
    title = {Learning representations by back-propagating errors},
    volume = {323},
    pages = {533–536},
    note = {DHP},
    language = {en},
    journal = {Nature}
}
@article{rumelhart1986,
    author = {Rumelhart, D. and McClelland, J.L. and Group, P.D.P.Research},
    date = {1986},
    title = {Parallel Distributed Processing},
    volume = {1: Foundations},
    publisher = {MIT/Bradford},
    note = {aCAS},
    language = {en},
    journal = {Explorations in the Microstructure of Cognition}
}
@incollection{rumelhart1986,
    author = {Rumelhart, D. and McClelland, J.L. and Group, P.D.P.Research},
    date = {1986},
    title = {Parallel Distributed Processing},
    volume = {I: Foundations},
    publisher = {MIT/Bradford},
    note = {aCAS},
    language = {en},
    booktitle = {Explorations in the Microstructures of Cognition}
}
@misc{sampath1977,
    author = {Sampath, G. and Srinivasan, S.K.},
    date = {1977},
    title = {Stochastic Models for Spike Trains of Single Neurons},
    publisher = {Springer-Verlag},
    note = {DHP},
    language = {no}
}
@misc{schuster1984,
    author = {Schuster, H.},
    date = {1984},
    title = {Deterministic Chaos: An Introduction},
    publisher = {Physik-Verlag},
    note = {aCAS, RB},
    language = {en}
}
@article{searle1980,
    author = {Searle, J.R.},
    date = {1980},
    title = {Minds, brains, and programs},
    volume = {3},
    pages = {417–457},
    note = {RB},
    language = {fr},
    journal = {Behavioral and Brain Sciences}
}
@inproceedings{shaw1985,
    author = {Shaw, C.L. and Silverman, D.J. and Pearson, J.C.},
    date = {1985},
    title = {Model of cortical organization embodying a basis for a theory of information processing and memory recall},
    volume = {82},
    pages = {2364–2368},
    note = {DHP},
    language = {en},
    booktitle = {Proceedings of the National Academy of Sciences of the United States of America}
}
@misc{shaw1984,
    author = {Shaw, R.},
    date = {1984},
    title = {The Dripping Faucet as a Model Chaotic System},
    publisher = {Ariel Press},
    note = {aCAS},
    language = {en}
}
@incollection{sheer1976,
    author = {Sheer, D.E.},
    date = {1976},
    title = {Focused arousal and 40 Hz EEG},
    editor = {Knights, R. M. and J, D.},
    publisher = {Baker. University Park Press},
    note = {aCAS},
    language = {en},
    booktitle = {The Neuropsychology of Learning Disorders: Theoretical Approaches}
}
@article{shepherd1972,
    author = {Shepherd, G.M.},
    date = {1972},
    title = {Synaptic organization of the mammalian olfactory bulb},
    volume = {52},
    pages = {864–917},
    note = {aCAS},
    language = {en},
    journal = {Physiological Reviews}
}
@misc{sherrington1934,
    author = {Sherrington, C.},
    date = {1934},
    title = {The Integrative Action of the Nervous System},
    publisher = {Yale University Press},
    note = {aCAS},
    language = {en}
}
@misc{sherrington1940,
    author = {Sherrington, C.},
    date = {1940},
    edition = {revised},
    title = {Man on His Nature},
    publisher = {Cambridge University Press},
    note = {DHP},
    language = {en}
}
@article{skarda1986,
    author = {Skarda, C.A.},
    date = {1986},
    title = {Explaining behavior: Bringing the brain back in},
    volume = {29},
    pages = {187–202},
    note = {aCAS},
    language = {en},
    journal = {Inquiry}
}
@article{thom1981,
    author = {Thom, R.},
    date = {1981},
    title = {Morphologie du sémiotique, recherches sémiotiques},
    volume = {1},
    pages = {301–310},
    note = {RT},
    language = {fr},
    journal = {Semiotic Inquiry}
}
@article{turner1981,
    author = {Turner, J.S. and Roux, J.C. and McCormick, W.D. and Swinney, H.L.},
    date = {1981},
    title = {Alternating periodic and chaotic regimes in a chemical reaction - experiment and theory},
    volume = {85A},
    pages = {9–14},
    note = {AG},
    language = {en},
    journal = {Physics Letters A}
}
@article{prisco1984,
    author = {Viana Di Prisco, G.},
    date = {1984},
    title = {Hebb synaptic plasticity},
    volume = {22},
    pages = {89–102},
    note = {aCAS},
    language = {cs},
    journal = {Progress in Neurobiology}
}
@article{prisco1985,
    author = {Viana Di Prisco, G. and Freeman, W.J.},
    date = {1985},
    title = {Odor-related bulbar EEG spatial pattern analysis during appetitive conditioning in rabbits},
    volume = {99},
    pages = {964–978},
    note = {aCAS},
    language = {en},
    journal = {Behavioral Neuroscience}
}
@misc{neumann1958,
    author = {Neumann, J.},
    date = {1958},
    title = {The Computer and the Brain},
    publisher = {Yale University Press},
    note = {aCAS, DHP},
    language = {en}
}
@misc{waddington1957,
    author = {Waddington, C.H.},
    date = {1957},
    title = {The Strategy of the Genes},
    publisher = {Allen & Unwin},
    note = {RT},
    language = {en}
}
@misc{walter1953,
    author = {Walter, W.G.},
    date = {1953},
    title = {The Living Brain},
    publisher = {Norton},
    note = {aCAS},
    language = {en}
}
@misc{whitehead1960,
    author = {Whitehead, A.N.},
    date = {1960},
    title = {Process and Reality},
    publisher = {Harper & Row},
    note = {aCAS, RT},
    language = {en}
}
@article{willey1973,
    author = {Willey, T.J.},
    date = {1973},
    title = {The ultrastructure of the cat olfactory bulb},
    volume = {152},
    pages = {211–232},
    note = {aCAS},
    language = {en},
    journal = {Journal of Comparative Neurology}
}
@article{wilson1985,
    author = {Wilson, D.A. and Sullivan, R.M. and Leon, M.},
    date = {1985},
    title = {Odor familiarity alters mitral cell response in the olfactory bulb of neonatal rats},
    volume = {22},
    pages = {314–317},
    note = {aCAS, DHP},
    language = {en},
    journal = {Developmental Brain Research}
}
@misc{winfree1980,
    author = {Winfree, A.T.},
    date = {1980},
    title = {The Geometry of Biological Time (Section 8D},
    publisher = {Springer-Verlag},
    note = {MAC},
    language = {en}
}
@article{wolfram1984,
    author = {Wolfram, S.},
    date = {1984},
    title = {Cellular automata as models of complexity},
    volume = {311},
    pages = {419–424},
    note = {DHP},
    language = {pt},
    journal = {Nature}
}
@article{zucker1973,
    author = {Zucker, R.S.},
    date = {1973},
    title = {Changes in the statistics of transmitter release during facilitation},
    volume = {241},
    pages = {69–89},
    note = {DHP},
    language = {en},
    journal = {Journal of Physiology (London}
}
