@inproceedings{Rosen1988EffectivePA,
  title={Effective processes and natural law},
  author={Robert Rosen},
  year={1988}
}
@inproceedings{Boker2020WhatIT,
  title={What is the Church-Turing Thesis?},
  author={Udi Boker and Nachum Dershowitz},
  year={2020}
}
@article{Copeland2018CTT,
  author = {Copeland, B. Jack and Shagrir, Oron},
  title = {The Church-Turing Thesis: Logical Limit or Breachable Barrier?},
  year = {2018},
  issue_date = {January 2019},
  publisher = {Association for Computing Machinery},
  address = {New York, NY, USA},
  volume = {62},
  number = {1},
  issn = {0001-0782},
  url = {https://doi.org/10.1145/3198448},
  doi = {10.1145/3198448},
  abstract = {In its original form, the Church-Turing thesis concerned computation as Alan Turing and Alonzo Church used the term in 1936---human computation.},
  journal = {Commun. ACM},
  month = {dec},
  pages = {66–74},
  numpages = {9}
}
@article{Copeland2004Hypercomputation,
  title={Hypercomputation},
  author={B. Jack Copeland},
  journal={Minds and Machines},
  year={2004},
  volume={12},
  pages={461-502}
}
@incollection{beggs2012unifying,
  title={Unifying science through computation: Reflections on computability and physics},
  author={Beggs, Edwin J and Costa, Jos{\'e} F{\'e}lix and Tucker, John V},
  booktitle={Special sciences and the unity of science},
  pages={53--80},
  year={2012},
  publisher={Springer}
}
@inproceedings{Herten2018FunctionalPO,
  title={Functional principles of early time measurement at Stonehenge and Nebra},
  author={Friedel Herten and Georg Waldmann},
  year={2018}
}
@article{Kleiner1989EvolutionOT,
  title={Evolution of the Function Concept: A Brief Survey.},
  author={Israel Kleiner},
  journal={College Mathematics Journal},
  year={1989},
  volume={20},
  pages={282-300}
}
