% Author字段作者之间用and分割，并且姓在前，名在后
@article{MorenoDaz2007OnTL,
  title={On the legacy of W.S. McCulloch},
  author={Roberto Moreno-D{\'i}az and Arminda Moreno-D{\'i}az},
  journal={Bio Systems},
  year={2007},
  volume={88 3},
  pages={
          185-90
        }
}