@article{Wehner2003DesertAN,
  title={Desert ant navigation: how miniature brains solve complex tasks},
  author={R{\"u}diger Wehner},
  journal={Journal of Comparative Physiology A},
  year={2003},
  volume={189},
  pages={579-588},
  url={https://api.semanticscholar.org/CorpusID:4571290}
}
@article{Wittlinger2006TheAO,
  title={The Ant Odometer: Stepping on Stilts and Stumps},
  author={Matthias Wittlinger and R{\"u}diger Wehner and Harald Wolf},
  journal={Science},
  year={2006},
  volume={312},
  pages={1965 - 1967},
  url={https://api.semanticscholar.org/CorpusID:15162376}
}
@article{Moser2008PlaceCG,
  title={Place cells, grid cells, and the brain's spatial representation system.},
  author={Edvard I. Moser and Emilio Kropff and May-Britt Moser},
  journal={Annual review of neuroscience},
  year={2008},
  volume={31},
  pages={
          69-89
        },
  url={https://api.semanticscholar.org/CorpusID:16036900}
}
@inproceedings{Wigner1960TheUE,
  title={The Unreasonable Effectiveness of Mathematics in the Natural Sciences (reprint)},
  author={Eugene Paul Wigner},
  year={1960},
  url={https://api.semanticscholar.org/CorpusID:6112252}
}
@article{pasztor2007interpretation,
  title={An interpretation of the Nebra disc},
  author={Pasztor, Emilia and Roslund, Curt},
  journal={antiquity},
  volume={81},
  number={312},
  pages={267--278},
  year={2007},
  publisher={Cambridge University Press}
}
@incollection{beggs2012unifying,
  title={Unifying science through computation: Reflections on computability and physics},
  author={Beggs, Edwin J and Costa, Jos{\'e} F{\'e}lix and Tucker, John V},
  booktitle={Special sciences and the unity of science},
  pages={53--80},
  year={2012},
  publisher={Springer}
}
