@inproceedings{ArbibMA1988,
  title={From universal Turing machines to self-reproduction},
  author={M. Arbib},
  year={1988}
}
@book{BurksA1966,
author = {Neumann, John Von and Burks, Arthur W.},
title = {Theory of Self-Reproducing Automata},
year = {1966},
publisher = {University of Illinois Press},
address = {USA}
}
@inproceedings{DavisM1958,
  title={Computability and Unsolvability},
  author={M. Davis},
  booktitle={McGraw-Hill Series in Information Processing and Computers},
  year={1958}
}
@article{GodelK1931,
  title={{\"U}ber formal unentscheidbare S{\"a}tze der Principia Mathematica und verwandter Systeme I},
  author={K. G{\"o}del},
  journal={Monatshefte f{\"u}r Mathematik und Physik},
  year={1931},
  volume={38},
  pages={173-198}
}
@inproceedings{KleeneSC1952,
  title={Introduction to Metamathematics},
  author={S. C. Kleene},
  year={1952}
}
@inproceedings{MyhillJ1966,
  title={Creative Computation Revisited},
  author={J. Myhill},
  journal={USAF Technical Report},
  year={1966}
}
@article{RosenR1962,
  title={Church's thesis and its relation to the concept of realizability in biology and physics},
  author={R. Rosen},
  journal={The Bulletin of mathematical biophysics},
  year={1962},
  volume={24},
  pages={
          375-93
        }
}
@inproceedings{RosenR1978,
  title={Principles of Measurement},
  author={R. Rosen},
  year={1978}
}
@inproceedings{RosenR1985,
  title={Anticipatory Systems},
  author={R. Rosen},
  year={1985}
}
@inproceedings{RosenRinpress,
  title={Biology and physics: an essay in natural philosophy},
  author={R. Rosen},
  year={1985}
}
@article{TuringA1937,
  title={On Computable Numbers, with an Application to the Entscheidungsproblem},
  author={A. Turing},
  journal={Proceedings of The London Mathematical Society},
  year={1937},
  volume={41},
  pages={230-265}
}


