@inproceedings{Sagan1994SpacefillingC,
  title={Space-filling curves},
  author={Hans Sagan},
  year={1994}
}

@inproceedings{Prusinkiewicz1990TheAB,
  title={The Algorithmic Beauty of Plants},
  author={Przemyslaw Prusinkiewicz and Aristid Lindenmayer},
  booktitle={The Virtual Laboratory},
  year={1990}
}

@inproceedings{Liberzon2012CalculusOV,
  title={Calculus of Variations and Optimal Control Theory: A Concise Introduction},
  author={Daniel Liberzon},
  year={2012}
}

@article{hall1983physical,
  title={Physical interpretation of the adjoint functions for sensitivity analysis of atmospheric models},
  author={Hall, Matthew CG and Cacuci, Dan G},
  journal={Journal of the atmospheric sciences},
  volume={40},
  number={10},
  pages={2537--2546},
  year={1983}
}

@inproceedings{Errico1997WhatIA,
  title={What is an adjoint model},
  author={Ronald Mark Errico},
  year={1997}
}

@inproceedings{Chen2018NeuralOD,
  title={Neural Ordinary Differential Equations},
  author={Tian Qi Chen and Yulia Rubanova and Jesse Bettencourt and David Duvenaud},
  booktitle={NeurIPS},
  year={2018}
}

@misc{wiki:aptrans,
    author = "{Wikipedia contributors}",
    title = "Active and passive transformation --- {Wikipedia}{,} The Free Encyclopedia",
    year = "2019",
    url = "https://en.wikipedia.org/w/index.php?title=Active_and_passive_transformation&oldid=916037482",
    note = "[Online; accessed 10-October-2019]"
}

@misc{wiki:aatrans,
   author = "Wikimedia Commons",
   title = "File:Alias and alibi transformations 1 en.png --- Wikimedia Commons{,} the free media repository",
   year = "2016",
   url = "https://commons.wikimedia.org/w/index.php?title=File:Alias_and_alibi_transformations_1_en.png&oldid=202933684",
   note = "[Online; accessed 10-October-2019]"
}
